<collection xmlns="http://www.loc.gov/MARC21/slim">
   <record>
      <leader>02274cam a2200469 i 4500</leader>
      <controlfield tag="001">6758385</controlfield>
      <controlfield tag="003">OCoLC</controlfield>
      <controlfield tag="005">20141124161748.0</controlfield>
      <controlfield tag="008">131024t20152015nyua          001 0 eng  </controlfield>
      <datafield ind1=" " ind2=" " tag="010">
         <subfield code="a">  2013040926</subfield>
      </datafield>
      <datafield ind1="7" ind2=" " tag="016">
         <subfield code="a">101634888</subfield>
         <subfield code="2">DNLM</subfield>
      </datafield>
      <datafield ind1=" " ind2=" " tag="020">
         <subfield code="a">9780073403717 (hard copy : acid-free paper)</subfield>
      </datafield>
      <datafield ind1=" " ind2=" " tag="020">
         <subfield code="a">0073403717 (hard copy : acid-free paper)</subfield>
      </datafield>
      <datafield ind1=" " ind2=" " tag="035">
         <subfield code="a">ocn882866729</subfield>
      </datafield>
      <datafield ind1=" " ind2=" " tag="040">
         <subfield code="a">DLC</subfield>
         <subfield code="e">rda</subfield>
         <subfield code="b">eng</subfield>
         <subfield code="c">DLC</subfield>
         <subfield code="d">YDX</subfield>
         <subfield code="d">OCLCO</subfield>
         <subfield code="d">YDXCP</subfield>
         <subfield code="d">UAF</subfield>
         <subfield code="d">NLM</subfield>
         <subfield code="d">OCLCF</subfield>
         <subfield code="d">SINIE</subfield>
         <subfield code="d">AEU</subfield>
      </datafield>
      <datafield ind1="0" ind2="0" tag="050">
         <subfield code="a">QP34.5</subfield>
         <subfield code="b">.S23 2015</subfield>
      </datafield>
      <datafield ind1="0" ind2="0" tag="060">
         <subfield code="a">2014 G-822</subfield>
      </datafield>
      <datafield ind1="1" ind2="0" tag="060">
         <subfield code="a">QS 4</subfield>
      </datafield>
      <datafield ind1="0" ind2="0" tag="082">
         <subfield code="a">612</subfield>
         <subfield code="2">23</subfield>
      </datafield>
      <datafield ind1=" " ind2=" " tag="090">
         <subfield code="a">QP 34.5 S23 2015</subfield>
         <subfield code="b">AEU</subfield>
      </datafield>
      <datafield ind1="1" ind2=" " tag="100">
         <subfield code="a">Saladin, Kenneth S.,</subfield>
         <subfield code="e">author.</subfield>
         <subfield code="0">http://id.loc.gov/authorities/names/n86807252</subfield>
         <subfield code="0">http://viaf.org/viaf/48258370</subfield>
      </datafield>
      <datafield ind1="1" ind2="0" tag="245">
         <subfield code="a">Anatomy &amp; physiology :</subfield>
         <subfield code="b">the unity of form and function /</subfield>
         <subfield code="c">Kenneth S. Saladin (Georgia College &amp; State University) ; digital authors, Stephen J. Sullivan (Bucks County Community College), Christina A. Gan (Highline Community College).</subfield>
      </datafield>
      <datafield ind1="3" ind2=" " tag="246">
         <subfield code="a">Anatomy and physiology</subfield>
      </datafield>
      <datafield ind1=" " ind2=" " tag="250">
         <subfield code="a">Seventh edition.</subfield>
      </datafield>
      <datafield ind1=" " ind2="1" tag="264">
         <subfield code="a">New York :</subfield>
         <subfield code="b">McGraw-Hill Education,</subfield>
         <subfield code="c">[2015]</subfield>
      </datafield>
      <datafield ind1=" " ind2="4" tag="264">
         <subfield code="c">©2015</subfield>
      </datafield>
      <datafield ind1=" " ind2=" " tag="300">
         <subfield code="a">xxiv, 1129 pages, 85 variously numbered pages ;</subfield>
         <subfield code="c">29 cm</subfield>
      </datafield>
      <datafield ind1=" " ind2=" " tag="336">
         <subfield code="a">text</subfield>
         <subfield code="2">rdacontent</subfield>
         <subfield code="0">http://id.loc.gov/vocabulary/contentTypes/txt</subfield>
      </datafield>
      <datafield ind1=" " ind2=" " tag="337">
         <subfield code="a">unmediated</subfield>
         <subfield code="2">rdamedia</subfield>
         <subfield code="0">http://id.loc.gov/vocabulary/mediaTypes/n</subfield>
      </datafield>
      <datafield ind1=" " ind2=" " tag="338">
         <subfield code="a">volume</subfield>
         <subfield code="2">rdacarrier</subfield>
         <subfield code="0">http://id.loc.gov/vocabulary/carriers/nc</subfield>
      </datafield>
      <datafield ind1=" " ind2=" " tag="500">
         <subfield code="a">Includes index.</subfield>
      </datafield>
      <datafield ind1=" " ind2=" " tag="596">
         <subfield code="a">42</subfield>
      </datafield>
      <datafield ind1=" " ind2="0" tag="650">
         <subfield code="a">Human physiology</subfield>
         <subfield code="v">Textbooks.</subfield>
      </datafield>
      <datafield ind1=" " ind2="0" tag="650">
         <subfield code="a">Human anatomy</subfield>
         <subfield code="v">Textbooks.</subfield>
      </datafield>
      <datafield ind1="1" ind2="2" tag="650">
         <subfield code="a">Anatomy.</subfield>
         <subfield code="0">http://id.nlm.nih.gov/mesh/D000715</subfield>
      </datafield>
      <datafield ind1="2" ind2="2" tag="650">
         <subfield code="a">Physiological Phenomena.</subfield>
         <subfield code="0">http://id.nlm.nih.gov/mesh/D010829</subfield>
      </datafield>
      <datafield ind1="1" ind2=" " tag="700">
         <subfield code="a">Sullivan, Stephen J.,</subfield>
         <subfield code="e">author.</subfield>
         <subfield code="0">http://id.loc.gov/authorities/names/n2012076284</subfield>
         <subfield code="0">http://viaf.org/viaf/91350988</subfield>
      </datafield>
      <datafield ind1="1" ind2=" " tag="700">
         <subfield code="a">Gan, Christina A.,</subfield>
         <subfield code="e">author.</subfield>
         <subfield code="0">http://id.loc.gov/authorities/names/n2014187131</subfield>
         <subfield code="0">http://viaf.org/viaf/310617731</subfield>
      </datafield>
      <datafield ind1=" " ind2=" " tag="758">
         <subfield code="0">http://worldcat.org/entity/work/id/3373583921</subfield>
      </datafield>
      <datafield ind1="0" ind2=" " tag="787">
         <subfield code="n">OCLC Work Id</subfield>
         <subfield code="o">http://worldcat.org/entity/work/id/3373583921</subfield>
      </datafield>
      <datafield ind1=" " ind2=" " tag="949">
         <subfield code="a">QP 34.5 S23 2015</subfield>
         <subfield code="c">1</subfield>
         <subfield code="h">UAHL-B</subfield>
         <subfield code="i">0162035198892</subfield>
      </datafield>
      <datafield ind1=" " ind2=" " tag="926">
         <subfield code="a">QP 34.5 S23 2015</subfield>
         <subfield code="w">LC</subfield>
         <subfield code="c">1</subfield>
         <subfield code="i">0162035198892</subfield>
         <subfield code="d">9/16/2016</subfield>
         <subfield code="e">8/31/2016</subfield>
         <subfield code="l">ON_SHELF</subfield>
         <subfield code="m">UAHLTHSC</subfield>
         <subfield code="n">8</subfield>
         <subfield code="p">$150.00</subfield>
         <subfield code="r">Y</subfield>
         <subfield code="s">Y</subfield>
         <subfield code="t">BOOK</subfield>
         <subfield code="u">12/12/2014</subfield>
      </datafield>
   </record>
</collection>
